<record><leader>00000cas a2200000 a 4500</leader><controlfield tag="001">10288261</controlfield><controlfield tag="008">840111d18441965vtuwr n       0    0eng d</controlfield><datafield ind1=" " ind2=" " tag="010"><subfield code="a">sn 84022091 </subfield><subfield code="z">sn 84038592 </subfield></datafield><datafield ind1=" " ind2=" " tag="040"><subfield code="a">NPX</subfield><subfield code="b">eng</subfield><subfield code="c">NPX</subfield><subfield code="d">DLC</subfield><subfield code="d">NPX</subfield><subfield code="d">OCL</subfield><subfield code="d">NPU</subfield><subfield code="d">DLC</subfield><subfield code="d">NVF</subfield><subfield code="d">NVN</subfield><subfield code="d">OCL</subfield><subfield code="d">OCLCF</subfield><subfield code="d">OCLCO</subfield></datafield><datafield ind1=" " ind2=" " tag="012"><subfield code="b">3</subfield></datafield><datafield ind1=" " ind2=" " tag="019"><subfield code="a">11352645</subfield></datafield><datafield ind1="1" ind2=" " tag="029"><subfield code="a">AU@</subfield><subfield code="b">000025813858</subfield></datafield><datafield ind1=" " ind2=" " tag="042"><subfield code="a">msc</subfield></datafield><datafield ind1="0" ind2="0" tag="050"><subfield code="a">Newspaper 10009</subfield></datafield><datafield ind1="0" ind2=" " tag="130"><subfield code="a">Vermont journal (Windsor, Vt. : 1844)</subfield></datafield><datafield ind1="0" ind2="0" tag="245"><subfield code="a">Vermont journal.</subfield></datafield><datafield ind1="1" ind2="3" tag="246"><subfield code="a">Valley farmer</subfield></datafield><datafield ind1="1" ind2="3" tag="246"><subfield code="a">Aurora of the valley</subfield></datafield><datafield ind1=" " ind2=" " tag="260"><subfield code="a">Windsor, Vt. :</subfield><subfield code="b">Charles F. Merrifield,</subfield><subfield code="c">1844-</subfield></datafield><datafield ind1=" " ind2=" " tag="300"><subfield code="a">v. :</subfield><subfield code="b">ill. (chiefly advertisements) ;</subfield><subfield code="c">45-62 cm.</subfield></datafield><datafield ind1=" " ind2=" " tag="310"><subfield code="a">Weekly</subfield></datafield><datafield ind1="0" ind2=" " tag="362"><subfield code="a">Vol. 1, no. 1 (June 20, 1844)-v. 182, no. 40 (Oct. 7, 1965).</subfield></datafield><datafield ind1=" " ind2=" " tag="500"><subfield code="a">For a period after 1867, distributed in separate but substantially identical geographic editions throughout the state, e.g. Bradford; West-Randolph; Windsor. Bibliographical similarities among these editions include text, advertisements, and a shared supplementary section, Aurora of the valley, which previously had been published separately.</subfield></datafield><datafield ind1=" " ind2=" " tag="500"><subfield code="a">Publishers: G.W. &amp; C.F. Merrifield, 1845-&lt;1846&gt;; T. Hale &lt;1848-1857&gt;; L.J. McIndoe &amp; Son, &lt;1872&gt;; L.J. McIndoe &lt;1861-1873&gt;; Journal Company &lt;1876&gt;.</subfield></datafield><datafield ind1=" " ind2=" " tag="525"><subfield code="a">Supplement with separate masthead and pagination printed on inner two leaves, &lt;1867-1870&gt;. Masthead: Vermont journal, &lt;1867&gt;; Valley farmer, &lt;1867-1868&gt;; Aurora of the valley, &lt;1869&gt;-    .</subfield></datafield><datafield ind1=" " ind2=" " tag="580"><subfield code="a">Identical with corresponding issues of Aurora of the valley, &lt;1861-1868&gt;.</subfield></datafield><datafield ind1=" " ind2=" " tag="580"><subfield code="a">Merged with: Vermont tribune (Ludlow, Vt.), and: Bellows Falls times, and: Springfield reporter (Springfield, Vt. : 1878) to form: Connecticut Valley times-reporter.</subfield></datafield><datafield ind1=" " ind2="0" tag="651"><subfield code="a">Windsor (Vt.)</subfield><subfield code="v">Newspapers.</subfield></datafield><datafield ind1=" " ind2="7" tag="655"><subfield code="a">Newspapers.</subfield><subfield code="2">fast</subfield><subfield code="0">(OCoLC)fst01423814</subfield></datafield><datafield ind1=" " ind2="7" tag="651"><subfield code="a">Vermont</subfield><subfield code="z">Windsor.</subfield><subfield code="2">fast</subfield><subfield code="0">(OCoLC)fst01214456</subfield></datafield><datafield ind1="1" ind2=" " tag="775"><subfield code="t">Vermont journal (Bradford, Vt.)</subfield><subfield code="w">(DLC)sn 85025251</subfield><subfield code="w">(OCoLC)11615716</subfield></datafield><datafield ind1="1" ind2=" " tag="775"><subfield code="t">Vermont journal (West Randolph, Vt.)</subfield><subfield code="w">(DLC)sn 85025252</subfield><subfield code="w">(OCoLC)11617409</subfield></datafield><datafield ind1="1" ind2=" " tag="775"><subfield code="t">Vermont journal (Springfield. Vt.)</subfield><subfield code="w">(DLC)sn 85025255</subfield><subfield code="w">(OCoLC)11617495</subfield></datafield><datafield ind1="1" ind2=" " tag="775"><subfield code="t">Vermont journal (South Royalton, Vt.)</subfield><subfield code="w">(DLC)sn 85025253</subfield><subfield code="w">(OCoLC)11617448</subfield></datafield><datafield ind1="1" ind2=" " tag="775"><subfield code="t">Vermont journal (Saint Johnsbury, Vt.)</subfield><subfield code="w">(DLC)sn 85025254</subfield><subfield code="w">(OCoLC)11617480</subfield></datafield><datafield ind1="1" ind2=" " tag="775"><subfield code="t">Vermont journal (Brattleboro, Vt.)</subfield><subfield code="w">(DLC)sn 85025256</subfield><subfield code="w">(OCoLC)11617512</subfield></datafield><datafield ind1="1" ind2="7" tag="785"><subfield code="t">Vermont tribune (Ludlow, Vt.)</subfield><subfield code="w">(OCoLC)16881927</subfield></datafield><datafield ind1="1" ind2="7" tag="785"><subfield code="t">Bellows Falls times</subfield><subfield code="w">(OCoLC)10467562</subfield></datafield><datafield ind1="1" ind2="7" tag="785"><subfield code="t">Springfield reporter (Springfield, Vt. : 1878)</subfield><subfield code="w">(OCoLC)37645987</subfield></datafield><datafield ind1="1" ind2="7" tag="785"><subfield code="t">Connecticut Valley times-reporter</subfield><subfield code="w">(OCoLC)37328663</subfield></datafield><datafield ind1="1" ind2=" " tag="700"><subfield code="a">McIndoe, L. J.,</subfield><subfield code="d">1819-1873.</subfield></datafield><datafield ind1=" " ind2=" " tag="752"><subfield code="a">United States</subfield><subfield code="b">Vermont</subfield><subfield code="c">Windsor</subfield><subfield code="d">Windsor.</subfield></datafield><datafield ind1=" " ind2=" " tag="752"><subfield code="a">United States</subfield><subfield code="b">Vermont</subfield><subfield code="c">Orange</subfield><subfield code="d">Bradford.</subfield></datafield><datafield ind1=" " ind2=" " tag="752"><subfield code="a">United States</subfield><subfield code="b">Vermont</subfield><subfield code="c">Orange</subfield><subfield code="d">Randolph.</subfield></datafield><datafield ind1="1" ind2=" " tag="787"><subfield code="t">Aurora of the valley (Newbury, Vt. : 1848)</subfield><subfield code="w">(DLC)sn 85025250</subfield><subfield code="w">(OCoLC)9012421</subfield></datafield></record>